% Piccola guida:
% I commenti iniziano con %
% La struttura è la seguente @A{B, X} dove @A è l'entry type (useremo @BOOK per questo documento), B è la citekey (deve essere univoca), e X sono tutti i parametri
% Nel caso di book sono editor, title, publisher, year, volume, number, series, address, edition, month, note, annote
% Di seguito un template minimale
@BOOK{BOTNET,
    TITLE="Per BotNET si intende una rete composta da dispositivi infettati da malware, detti bot o zombie, che agiscono tutti sotto lo stesso controllo di un unico dispositivo - detto $\textit{botmaster}$ - aumentando esponenzialmente le capacità dell'attaccante."
}

@BOOK{DefinizionePython,
    TITLE="Python è un linguaggio di programmazione di alto livello, orientato a oggetti, adatto, tra gli altri usi, a sviluppare applicazioni distribuite, scripting, computazione numerica e system testing."
}

@BOOK{DefinizioneSocket,
    TITLE="Astrazione software progettata per utilizzare delle API standard e condivise per la trasmissione e la ricezione di dati attraverso una rete oppure come meccanismo di IPC."
}

@BOOK{informazioniRepository,
      TITLE="Potrebbe non essere accessibile a tutti (il repository è per privacy privato)"
}
@BOOK{notaBotSlave1,
      TITLE="Della quale non abbiamo nessun controllo diretto"
}

@BOOK{postgres,
      TITLE="Fa affidamento al DBMS (Database Management System) PostgreSQL"
}

@BOOK{infoHostPortMaster,
      TITLE="Ricordiamo che in fase di lancio del programma è possibile definirne altri e sostituirli a quelli di default"
}

@BOOK{infoHostPortSlave,
      TITLE="Così come per il Master anche in questo caso è possibile definirne altri e sostituirli a quelli di default"
}

@BOOK{NotaDatiSalvati,
      TITLE="Dati che verrano recuperati dalla macchina in cui è eseguito il client (su specifica richiesta)"
}

@BOOK{NoteDateTesting,
      TITLE="Effettuate il 16 novembre e il 13 dicembre"
}

@BOOK{NotaAnalisiMacchine,
      TITLE="Le due macchine in questione sono molto simili tra loro (ricordiamo che sono entrambe macchine virtuali eseguite su Hypervisor \href{https://www.virtualbox.org/}{VirtualBox}), tanto da supporre che siano una il clone dell'altra"
}

@BOOK{NotaHosts,
      TITLE="Onde evitare inutili ripetizioni abbiamo preferito compattare le informazioni riguardanti il networking di entrambe le macchine virtuali. Con l'IP \textbf{192.168.1.188} stiamo indicando la macchina della quale avevamo già informazioni; con \textbf{192.168.1.224} quella sulla quale non erano stati ancora effettuati test di alcun tipo"
}

@BOOK{NotaWireshark,
      TITLE="Nel quale abbiamo impostato il filtro $ip.addr\ eq\ 192.168.1.72\ and\ (tcp.port\ eq\ 9000\ ||\ tcp.port\ eq\ 9001)$ (ottenendo in questo modo solo i pacchetti di nostro interesse)"
}